<?xml version='1.0' encoding='UTF-8'?>
<record xmlns="http://www.loc.gov/MARC21/slim">
  <leader>01366cam a2200301 a 4500</leader>
  <controlfield tag="001">636132</controlfield>
  <controlfield tag="003">NjP</controlfield>
  <controlfield tag="005">20170905103357.0</controlfield>
  <controlfield tag="008">910102m19899999ir       b    00010 ara d</controlfield>
  <datafield tag="024" ind1="7" ind2=" ">
    <subfield code="a">princeton_aco001634</subfield>
    <subfield code="2">local</subfield>
  </datafield>
  <datafield ind1=" " ind2=" " tag="035">
    <subfield code="a">(OCoLC)23698821</subfield>
  </datafield>
  <datafield ind1=" " ind2=" " tag="035">
    <subfield code="a">(CStRLIN)NJPG91-B146</subfield>
  </datafield>
  <datafield ind1=" " ind2=" " tag="035">
    <subfield code="9">ACX2346TS</subfield>
  </datafield>
  <datafield ind1=" " ind2=" " tag="035">
    <subfield code="a">636132</subfield>
  </datafield>
  <datafield ind1=" " ind2=" " tag="040">
    <subfield code="a">NjP</subfield>
    <subfield code="c">NjP</subfield>
  </datafield>
  <datafield ind1="1" ind2=" " tag="100">
    <subfield code="a">Baḥrānī, Ḥusayn,</subfield>
    <subfield code="d">-1802.</subfield>
    <subfield code="0">http://id.loc.gov/authorities/names/n90672318</subfield>
  </datafield>
  <datafield ind1="1" ind2="0" tag="245">
    <subfield code="a">ʻUyūn al-ḥaqāʼiq al-nāẓirah fī tatimmat al-Ḥadāʼiq al-nāḍirah /</subfield>
    <subfield code="c">lil-muḥaddith Ḥusayn al-Baḥrānī Āl ʻUṣfūr.</subfield>
  </datafield>
  <datafield ind1=" " ind2=" " tag="250">
    <subfield code="a">al-Ṭabʻah 1.</subfield>
  </datafield>
  <datafield ind1=" " ind2=" " tag="260">
    <subfield code="a">Qum :</subfield>
    <subfield code="b">Muʼassasat al-Nashr al-Islāmī,</subfield>
    <subfield code="c">1410- [1989 or 1990- ]</subfield>
  </datafield>
  <datafield ind1=" " ind2=" " tag="300">
    <subfield code="a">v. ;</subfield>
    <subfield code="c">25 cm.</subfield>
  </datafield>
  <datafield ind1=" " ind2=" " tag="500">
    <subfield code="a">Title page partially vocalized.</subfield>
  </datafield>
  <datafield ind1=" " ind2=" " tag="500">
    <subfield code="a">"537."</subfield>
  </datafield>
  <datafield ind1=" " ind2=" " tag="504">
    <subfield code="a">Includes bibliographical references.</subfield>
  </datafield>
  <datafield ind1=" " ind2="0" tag="650">
    <subfield code="a">Islamic law</subfield>
    <subfield code="v">Early works to 1800.</subfield>
    <subfield code="0">http://id.loc.gov/authorities/subjects/sh2008104963</subfield>
  </datafield>
  <datafield ind1=" " ind2="0" tag="650">
    <subfield code="a">Shiites.</subfield>
    <subfield code="0">http://id.loc.gov/authorities/subjects/sh85121432</subfield>
  </datafield>
  <datafield ind1="1" ind2=" " tag="700">
    <subfield code="a">Baḥrānī, Yūsuf,</subfield>
    <subfield code="d">-1772?.</subfield>
    <subfield code="t">Ḥadāʼiq al-nāḍirah fī aḥkām al-ʻitrah al-ṭāhirah.</subfield>
    <subfield code="0">http://id.loc.gov/authorities/names/n88674539</subfield>
  </datafield>
  <datafield ind1=" " ind2=" " tag="998">
    <subfield code="a">08/28/91</subfield>
    <subfield code="s">9114</subfield>
    <subfield code="n">NjP</subfield>
    <subfield code="w">NJPG91B146</subfield>
    <subfield code="d">01/02/91</subfield>
    <subfield code="c">JEB</subfield>
    <subfield code="b">CS</subfield>
    <subfield code="i">910828</subfield>
    <subfield code="l">NJPG</subfield>
  </datafield>
  <datafield ind1=" " ind2=" " tag="911">
    <subfield code="a">19921028</subfield>
  </datafield>
  <datafield ind1=" " ind2=" " tag="912">
    <subfield code="a">19910828000000.0</subfield>
  </datafield>
  <datafield ind1="0" ind2="1" tag="852">
    <subfield code="0">699521</subfield>
    <subfield code="b">nec</subfield>
    <subfield code="t">1</subfield>
    <subfield code="h">KBP370.B35</subfield>
    <subfield code="i">A389 1989</subfield>
  </datafield>
  <datafield ind1=" " ind2="0" tag="866">
    <subfield code="0">699521</subfield>
    <subfield code="8">0</subfield>
    <subfield code="a">juzʾ 1-2</subfield>
  </datafield>
  <datafield ind1=" " ind2=" " tag="959">
    <subfield code="a">2000-06-13 00:00:00 -0500</subfield>
  </datafield>
</record>
